<?xml version="1.0" encoding="UTF-8"?><collection xmlns="http://www.loc.gov/MARC21/slim"><record><leader>00459nam--2200193-u-4500</leader><controlfield tag="001">000052415</controlfield><controlfield tag="002">20161230</controlfield><controlfield tag="005">20170118004829</controlfield><controlfield tag="008">100707s1000------------r-----000-0-rus-d</controlfield><datafield ind1=" " ind2=" " tag="040"><subfield code="a">IFIN-HH</subfield></datafield><datafield ind1=" " ind2=" " tag="041"><subfield code="a">rus</subfield></datafield><datafield ind1=" " ind2=" " tag="080"><subfield code="a">531(075)</subfield></datafield><datafield ind1="1" ind2=" " tag="100"><subfield code="a">Sivuhin, D. V</subfield></datafield><datafield ind1="1" ind2="0" tag="245"><subfield code="a">Obscii curs fiziki</subfield></datafield><datafield ind1=" " ind2=" " tag="260"><subfield code="a">Moskva</subfield><subfield code="b">Nauka</subfield><subfield code="c">1974</subfield></datafield><datafield ind1=" " ind2=" " tag="300"><subfield code="a">3 vol</subfield></datafield><datafield ind1="0" ind2=" " tag="505"><subfield code="a">Tom V-1. Atomnaia i iadernaia fizika</subfield></datafield><datafield ind1=" " ind2=" " tag="852"><subfield code="a">76057</subfield><subfield code="c">531</subfield></datafield><datafield ind1=" " ind2=" " tag="CAT"><subfield code="a">SYS</subfield><subfield code="c">20170118</subfield><subfield code="h">004829</subfield></datafield></record></collection>